
@online{_peteraaser/meame_????,
  title = {{{PeterAaser}}/{{MEAME}}},
  url = {https://github.com/PeterAaser/MEAME},
  abstract = {Contribute to MEAME development by creating an account on GitHub.},
  timestamp = {2016-12-17T14:32:38Z},
  journaltitle = {GitHub},
  urldate = {2016-12-17},
  file = {Snapshot:/home/peter/.zotero/zotero/tdejvxn7.default/zotero/storage/4ZDKA72F/MEAME.html:text/html}
}

@online{_peteraaser/scalapagos_????,
  title = {{{PeterAaser}}/{{Scalapagos}}},
  url = {https://github.com/PeterAaser/Scalapagos},
  abstract = {Scalapagos - Although the evolutionary algorithm is a useful concept in computer science it's important to remember that this is no endorsement of the theory itself.},
  timestamp = {2016-12-17T14:32:43Z},
  journaltitle = {GitHub},
  urldate = {2016-12-17},
  file = {Snapshot:/home/peter/.zotero/zotero/tdejvxn7.default/zotero/storage/BW448VA6/Scalapagos.html:text/html}
}

@online{_peteraaser/shodan_????,
  title = {{{PeterAaser}}/{{SHODAN}}},
  url = {https://github.com/PeterAaser/SHODAN},
  abstract = {SHODAN - sentient hyper optimized data access network},
  timestamp = {2016-12-17T14:32:41Z},
  journaltitle = {GitHub},
  urldate = {2016-12-17},
  file = {Snapshot:/home/peter/.zotero/zotero/tdejvxn7.default/zotero/storage/JNV4WNT9/SHODAN.html:text/html}
}


